@article{wei2022chain,
  title={Chain-of-thought prompting elicits reasoning in large language models},
  author={Wei, Jason and Wang, Xuezhi and Schuurmans, Dale and Bosma, Maarten and Xia, Fei and Chi, Ed and Le, Quoc V and Zhou, Denny and others},
  journal={Advances in neural information processing systems},
  volume={35},
  pages={24824--24837},
  year={2022}
}

@article{hu2021lora,
  title={Lora: Low-rank adaptation of large language models},
  author={Hu, Edward J and Shen, Yelong and Wallis, Phillip and Allen-Zhu, Zeyuan and Li, Yuanzhi and Wang, Shean and Wang, Lu and Chen, Weizhu},
  journal={arXiv preprint arXiv:2106.09685},
  year={2021}
}

@article{wang2022self,
  title={Self-consistency improves chain of thought reasoning in language models},
  author={Wang, Xuezhi and Wei, Jason and Schuurmans, Dale and Le, Quoc and Chi, Ed and Sharan, Shyam and Narang, Sharan and Chowdhery, Aakanksha},
  journal={arXiv preprint arXiv:2203.11171},
  year={2022}
}

@article{yao2023tree,
  title={Tree of thoughts: Deliberate problem solving with large language models},
  author={Yao, Shunyu and Yu, Dian and Zhao, Jeffrey and Shafran, Izhak and Griffiths, Thomas L and Cao, Yuan and Narasimhan, Karthik},
  journal={arXiv preprint arXiv:2305.10601},
  year={2023}
}

@article{nye2021show,
  title={Show your work: Scratchpads for intermediate computation with language models},
  author={Nye, Maxwell and Andreassen, Anders Johan and Gur-Ari, Guy and Michalewski, Henryk and Austin, Jacob and Bieber, David and Dohan, David and Lewkowycz, Aitor and Bosma, Maarten and Luan, David and others},
  journal={arXiv preprint arXiv:2112.00114},
  year={2021}
}

@article{gao2023pal,
  title={Pal: Program-aided language models},
  author={Gao, Luyu and Madaan, Aman and Zhou, Shuyan and Alon, Uri and Liu, Pengfei and Yang, Yiming and Callan, Jamie and Neubig, Graham},
  journal={International Conference on Machine Learning},
  pages={10764--10799},
  year={2023}
}

@article{vaswani2017attention,
  title={Attention is all you need},
  author={Vaswani, Ashish and Shazeer, Noam and Parmar, Niki and Uszkoreit, Jakob and Jones, Llion and Gomez, Aidan N and Kaiser, {\L}ukasz and Polosukhin, Illia},
  journal={Advances in neural information processing systems},
  volume={30},
  year={2017}
}

@article{jain2019attention,
  title={Attention is not explanation},
  author={Jain, Sarthak and Wallace, Byron C},
  journal={Proceedings of the 2019 Conference of the North American Chapter of the Association for Computational Linguistics},
  pages={3543--3556},
  year={2019}
}

@article{rogers2020primer,
  title={A primer in BERTology: What we know about how BERT works},
  author={Rogers, Anna and Kovaleva, Olga and Rumshisky, Anna},
  journal={Transactions of the Association for Computational Linguistics},
  volume={8},
  pages={842--866},
  year={2020}
}

@article{elhage2021mathematical,
  title={A mathematical framework for transformer circuits},
  author={Elhage, Nelson and Nanda, Neel and Olsson, Catherine and Henighan, Tom and Joseph, Nicholas and Mann, Ben and Askell, Amanda and Bai, Yuntao and Chen, Anna and Conerly, Tom and others},
  journal={Transformer Circuits Thread},
  year={2021}
}

@article{li2021prefix,
  title={Prefix-tuning: Optimizing continuous prompts for generation},
  author={Li, Xiang Lisa and Liang, Percy},
  journal={Proceedings of the 59th Annual Meeting of the Association for Computational Linguistics},
  pages={4582--4597},
  year={2021}
}

@article{lester2021power,
  title={The power of scale for parameter-efficient prompt tuning},
  author={Lester, Brian and Al-Rfou, Rami and Constant, Noah},
  journal={Proceedings of the 2021 Conference on Empirical Methods in Natural Language Processing},
  pages={3045--3059},
  year={2021}
}

@article{zhang2023adalora,
  title={Adalora: Adaptive budget allocation for parameter-efficient fine-tuning},
  author={Zhang, Qingru and Chen, Minshuo and Bukharin, Alexander and He, Pengcheng and Cheng, Yu and Chen, Weizhu and Zhao, Tuo},
  journal={International Conference on Learning Representations},
  year={2023}
}

@article{hinton2015distilling,
  title={Distilling the knowledge in a neural network},
  author={Hinton, Geoffrey and Vinyals, Oriol and Dean, Jeff and others},
  journal={arXiv preprint arXiv:1503.02531},
  year={2015}
}

@article{magister2022teaching,
  title={Teaching small language models to reason},
  author={Magister, Lucie Charlotte and Mallinson, Jonathan and Adamek, Jakub and Malmi, Eric and Severyn, Aliaksei},
  journal={Proceedings of the 60th Annual Meeting of the Association for Computational Linguistics},
  pages={1500--1512},
  year={2022}
}

@article{jacob2018quantization,
  title={Quantization and training of neural networks for efficient integer-arithmetic-only inference},
  author={Jacob, Benoit and Kligys, Skirmantas and Chen, Bo and Zhu, Menglong and Tang, Matthew and Howard, Andrew and Adam, Hartwig and Kalenichenko, Dmitry},
  journal={Proceedings of the IEEE conference on computer vision and pattern recognition},
  pages={2704--2713},
  year={2018}
}

@article{touvron2023llama,
  title={Llama: Open and efficient foundation language models},
  author={Touvron, Hugo and Lavril, Thibaut and Izacard, Gautier and Martinet, Xavier and Lachaux, Marie-Anne and Lacroix, Timoth{\'e}e and Rozi{\`e}re, Baptiste and Goyal, Naman and Hambro, Eric and Azhar, Faisal and others},
  journal={arXiv preprint arXiv:2302.13971},
  year={2023}
}

@article{jiang2023mistral,
  title={Mistral 7B},
  author={Jiang, Albert Q and Sablayrolles, Alexandre and Mensch, Arthur and Bamford, Chris and Chaplot, Devendra Singh and Casas, Diego de las and Bressand, Florian and Lengyel, Gianna and Lample, Guillaume and Saulnier, Lucile and others},
  journal={arXiv preprint arXiv:2310.06825},
  year={2023}
}

@article{bai2023qwen,
  title={Qwen technical report},
  author={Bai, Jinze and Bai, Shuai and Chu, Yunfei and Cui, Zeyu and Dang, Kai and Deng, Xiaodong and Fan, Yang and Ge, Wenbin and Han, Yu and Huang, Fei and others},
  journal={arXiv preprint arXiv:2309.16609},
  year={2023}
}

@article{roziere2023code,
  title={Code llama: Open foundation models for code},
  author={Rozi{\`e}re, Baptiste and Gehring, Jonas and Gloeckle, Fabian and Sootla, Sten and Gat, Itai and Tan, Xiaoqing Ellen and Adi, Yossi and Liu, Jingyu and Remez, Tal and Rapin, J{\'e}r{\'e}my and others},
  journal={arXiv preprint arXiv:2308.12950},
  year={2023}
}

@article{yue2023mammoth,
  title={Mammoth: Building math generalist models through hybrid instruction tuning},
  author={Yue, Xiang and Qu, Xingwei and Zhang, Ge and Fu, Yao and Huang, Wenhao and Sun, Huan and Su, Yu and Chen, Wenhu},
  journal={arXiv preprint arXiv:2309.05653},
  year={2023}
}

@article{luo2023wizardmath,
  title={Wizardmath: Empowering mathematical reasoning for large language models via reinforced evol-instruct},
  author={Luo, Haipeng and Sun, Qingfeng and Xu, Can and Zhao, Pu and Lou, Jianguang and Tao, Chongyang and Geng, Xiubo and Lin, Qingwei and Chen, Shifeng and Zhang, Dongmei},
  journal={arXiv preprint arXiv:2308.09583},
  year={2023}
}

@misc{mlx2023apple,
  title={MLX: An array framework for Apple silicon},
  author={Apple},
  year={2023},
  url={https://github.com/ml-explore/mlx},
  note={Accessed: 2025-09-23}
}

@inproceedings{cobbe2021training,
  title={Training verifiers to solve math word problems},
  author={Cobbe, Karl and Kosaraju, Vineet and Bavarian, Mohammad and Chen, Mark and Jun, Heewoo and Kaiser, Lukasz and Plappert, Matthias and Tworek, Jerry and Hilton, Jacob and Nakano, Reiichiro and others},
  booktitle={arXiv preprint arXiv:2110.14168},
  year={2021}
}

@article{hendrycks2021measuring,
  title={Measuring mathematical problem solving with the math dataset},
  author={Hendrycks, Dan and Burns, Collin and Kadavath, Saurav and Arora, Akul and Basart, Steven and Tang, Eric and Song, Dawn and Steinhardt, Jacob},
  journal={arXiv preprint arXiv:2103.03874},
  year={2021}
}

@inproceedings{liu2020logiqa,
  title={LogiQA: A challenge dataset for machine reading comprehension with logical reasoning},
  author={Liu, Jian and Cui, Leyang and Liu, Hanmeng and Huang, Dandan and Wang, Yile and Zhang, Yue},
  booktitle={Proceedings of the Twenty-Ninth International Joint Conference on Artificial Intelligence},
  pages={3622--3628},
  year={2020}
}

@article{yu2020reclor,
  title={ReClor: A reading comprehension dataset requiring logical reasoning},
  author={Yu, Weihao and Jiang, Zihang and Dong, Yanfei and Feng, Jiashi},
  journal={International Conference on Learning Representations},
  year={2020}
}

@article{talmor2019commonsenseqa,
  title={CommonsenseQA: A question answering challenge targeting commonsense knowledge},
  author={Talmor, Alon and Herzig, Jonathan and Lourie, Nicholas and Berant, Jonathan},
  journal={Proceedings of the 2019 Conference of the North American Chapter of the Association for Computational Linguistics},
  pages={4149--4158},
  year={2019}
}

@article{bisk2020piqa,
  title={Piqa: Reasoning about physical commonsense in natural language},
  author={Bisk, Yonatan and Zellers, Rowan and Bras, Ronan Le and Gao, Jianfeng and Choi, Yejin},
  journal={Proceedings of the AAAI Conference on Artificial Intelligence},
  volume={34},
  pages={7432--7439},
  year={2020}
}

@article{chen2021evaluating,
  title={Evaluating large language models trained on code},
  author={Chen, Mark and Tworek, Jerry and Jun, Heewoo and Yuan, Qiming and Pinto, Henrique Ponde de Oliveira and Kaplan, Jared and Edwards, Harri and Burda, Yuri and Joseph, Nicholas and Brockman, Greg and others},
  journal={arXiv preprint arXiv:2107.03374},
  year={2021}
}

@article{austin2021program,
  title={Program synthesis with large language models},
  author={Austin, Jacob and Odena, Augustus and Nye, Maxwell and Bosma, Maarten and Michalewski, Henryk and Dohan, David and Jiang, Ellen and Cai, Carrie and Terry, Michael and Le, Quoc and others},
  journal={arXiv preprint arXiv:2108.07732},
  year={2021}
}

@article{su2021roformer,
  title={RoFormer: Enhanced transformer with rotary position embedding},
  author={Su, Jianlin and Lu, Yu and Pan, Shengfeng and Murtadha, Ahmed and Wen, Bo and Liu, Yunfeng},
  journal={arXiv preprint arXiv:2104.09864},
  year={2021}
}

@article{shazeer2020glu,
  title={GLU variants improve transformer},
  author={Shazeer, Noam},
  journal={arXiv preprint arXiv:2002.05202},
  year={2020}
}

@article{zhang2019root,
  title={Root mean square layer normalization},
  author={Zhang, Biao and Sennrich, Rico},
  journal={Advances in Neural Information Processing Systems},
  volume={32},
  year={2019}
}

@article{ainslie2023gqa,
  title={GQA: Training generalized multi-query transformer models from multi-head checkpoints},
  author={Ainslie, Joshua and Lee-Thorp, James and de Jong, Michiel and Zemlyanskiy, Yury and Lebr{\'o}n, Federico and Sanghai, Sumit},
  journal={arXiv preprint arXiv:2305.13245},
  year={2023}
}

@misc{hanzo2025zen,
  title={Zen Model Family: Efficient and Interpretable AI Models},
  author={Hanzo AI Research Team},
  year={2025},
  url={https://github.com/hanzo-ai/zen},
  note={Accessed: 2025-09-23}
}

@misc{supra2025foundation,
  title={Supra Foundation: Advancing Transparent AI Reasoning},
  author={Supra Foundation LLC},
  year={2025},
  url={https://supra.foundation},
  note={Accessed: 2025-09-23}
}

@article{kojima2022large,
  title={Large language models are zero-shot reasoners},
  author={Kojima, Takeshi and Gu, Shixiang Shane and Reid, Machel and Matsuo, Yutaka and Iwasawa, Yusuke},
  journal={Advances in neural information processing systems},
  volume={35},
  pages={22199--22213},
  year={2022}
}

@article{zhou2022least,
  title={Least-to-most prompting enables complex reasoning in large language models},
  author={Zhou, Denny and Sch{\"a}rli, Nathanael and Hou, Le and Wei, Jason and Scales, Nathan and Wang, Xuezhi and Schuurmans, Dale and Cui, Claire and Bousquet, Olivier and Le, Quoc and others},
  journal={International Conference on Learning Representations},
  year={2022}
}

@article{anthropic2022constitutional,
  title={Constitutional AI: Harmlessness from AI feedback},
  author={Bai, Yuntao and Kadavath, Saurav and Kundu, Sandipan and Askell, Amanda and Kernion, Jackson and Jones, Andy and Chen, Anna and Goldie, Anna and Mirhoseini, Azalia and McKinnon, Cameron and others},
  journal={arXiv preprint arXiv:2212.08073},
  year={2022}
}

@article{burns2023weak,
  title={Weak-to-strong generalization: Eliciting strong capabilities with weak supervision},
  author={Burns, Collin and Izmailov, Pavel and Kirchner, Jan Hendrik and Baker, Bowen and Gao, Leo and Aschenbrenner, Leopold and Chen, Yining and Ecoffet, Adrien and Joglekar, Manas and Leike, Jan and others},
  journal={arXiv preprint arXiv:2312.09390},
  year={2023}
}

@article{asai2023self,
  title={Self-RAG: Learning to retrieve, generate, and critique through self-reflection},
  author={Asai, Akari and Wu, Zeqiu and Wang, Yizhong and Sil, Avirup and Hajishirzi, Hannaneh},
  journal={arXiv preprint arXiv:2310.11511},
  year={2023}
}

@article{openai2023gpt4,
  title={GPT-4 Technical Report},
  author={OpenAI},
  journal={arXiv preprint arXiv:2303.08774},
  year={2023}
}

@article{chiang2023vicuna,
  title={Vicuna: An open-source chatbot impressing gpt-4 with 90\%* chatgpt quality},
  author={Chiang, Wei-Lin and Li, Zhuohan and Lin, Zi and Sheng, Ying and Wu, Zhanghao and Zhang, Hao and Zheng, Lianmin and Zhuang, Siyuan and Zhuang, Yonghao and Gonzalez, Joseph E and others},
  journal={See https://vicuna. lmsys. org (accessed 14 April 2023)},
  year={2023}
}

@article{taori2023stanford,
  title={Stanford alpaca: An instruction-following llama model},
  author={Taori, Rohan and Gulrajani, Ishaan and Zhang, Tianyi and Dubois, Yann and Li, Xuechen and Guestrin, Carlos and Liang, Percy and Hashimoto, Tatsunori B},
  journal={https://github.com/tatsu-lab/stanford\_alpaca},
  year={2023}
}

@misc{zoo2025foundation,
  title={Zoo Labs Foundation: AI for Conservation},
  author={Zoo Labs Foundation},
  year={2025},
  url={https://zoolabs.org},
  note={Accessed: 2025-09-23}
}

@article{schulman2023chatgpt,
  title={ChatGPT: Optimizing Language Models for Dialogue},
  author={Schulman, John and Zoph, Barret and Kim, Christina and Hilton, Jacob and Menick, Jacob and Weng, Jiayi and Uribe, Juan Felipe Ceron and Fedus, Liam and Metz, Luke and Pokorny, Michael and others},
  journal={OpenAI Blog},
  year={2023}
}

@article{silver2016mastering,
  title={Mastering the game of Go with deep neural networks and tree search},
  author={Silver, David and Huang, Aja and Maddison, Chris J and Guez, Arthur and Sifre, Laurent and Van Den Driessche, George and Schrittwieser, Julian and Antonoglou, Ioannis and Panneershelvam, Veda and Lanctot, Marc and others},
  journal={nature},
  volume={529},
  number={7587},
  pages={484--489},
  year={2016},
  publisher={Nature Publishing Group}
}

@article{brown2020language,
  title={Language models are few-shot learners},
  author={Brown, Tom and Mann, Benjamin and Ryder, Nick and Subbiah, Melanie and Kaplan, Jared D and Dhariwal, Prafulla and Neelakantan, Arvind and Shyam, Pranav and Sastry, Girish and Askell, Amanda and others},
  journal={Advances in neural information processing systems},
  volume={33},
  pages={1877--1901},
  year={2020}
}

@article{zeiler2012adadelta,
  title={ADADELTA: an adaptive learning rate method},
  author={Zeiler, Matthew D},
  journal={arXiv preprint arXiv:1212.5701},
  year={2012}
}